@misc{lectures,
    author=" Куров А.В.",
	title="Конспект лекций по дисциплине «Компьютерная графика»",
	language="russian",
	year=2023
}
	
@inbook{rodgers,
	author="Д. Роджерс",
	title=" Алгоритмические основы машинной графики",
	publisher="---М.: Мир, 1989",
	volume=512,
	language="russian"
}

@misc{guro,
	title="Основные принципы алгоритмов, лежащих в основе современной компьютерной графики [Электронный ресурс].",
	howpublished="--- Режим доступа: \url{https://portal.tpu.ru/SHARED/j/JBOLOTOVA/academic/ComputerGraphics/8.%20%D0%9C%D0%B5%D1%82%D0%BE%D0%B4%D1%8B%20%D0%B7%D0%B0%D0%BA%D1%80%D0%B0%D1%81%D0%BA%D0%B8_2019.pdf} (дата обращения: 19.10.2023)."}
	
@misc{lambert,
	title="Простые модели освещения. [Электронный ресурс].",
	howpublished="--- Режим доступа: \url{http://grafika.me/node/344} (дата обращения: 19.10.2023)."}	
	
@misc{sphere,
	title="Шар. [Электронный ресурс].",
	howpublished="--- Режим доступа: \url{https://en.wikipedia.org/wiki/Geodesic_polyhedron#/media/File:Geodesic_dodecahedral_polyhedron_example.png} (дата обращения: 25.10.2023)."}	
	
@misc{z_buffer, 
	title="Алгоритм, использующий Z-буфер [Электронный ресурс].",
	howpublished="--- Режим доступа: \url{https://eccarrilloe.github.io/2017/09/24/Rasterization-Z-buffer-Algorithm/} (дата обращения: 26.10.2023)."
}		

@misc{icosphere, 
	title="Creating an icosphere mesh in code. [Электронный ресурс].",
	howpublished="--- Режим доступа: \url{http://blog.andreaskahler.com/2009/06/creating-icosphere-mesh-in-code.html} (дата обращения: 26.10.2023)."
}
	